@book{Cooper,
  title={Ramanujanâ€™s Theta Functions},
  author={S. Cooper},
  year={2017},
  publisher={Springer},
  address = {Cham (Switzerland)},
  doi={10.1007/978-3-319-56172-1}
}

@article{HMS79,
    author = {H. M. Srivastava},
    title = {A note on certain identities involving generalized hypergeometric series},
    fjournal = {Indagationes Mathematicae (Proceedings)},
    journal = {Indag. Math. (Proceedings)},
    volume = {41},
    pages = {191--201},
    year = {1979}
}

@article{KozitskyKozlovskiiDobush2020,
	author={Kozitsky, Yu.V. and Kozlovskii, M.P. and Dobush, O.A.},
	title = {A phase transition in a Curie-Weiss system with binary interactions},
	journal = {Condens. Matter Phys.},
	volume={23},
	number={2},
	year={2020},
	pages={23502},
	doi={10.5488/CMP.23.23502},
	url={https://icmp.lviv.ua/journal/zbirnyk.102/23502/abstract.html}
}
